<record xmlns="http://www.loc.gov/MARC21/slim" xmlns:xsi="http://www.w3.org/2001/XMLSchema-instance" xsi:schemaLocation="http://www.loc.gov/MARC21/slim http://www.loc.gov/standards/marcxml/schema/MARC21slim.xsd"><leader>02632nam a2200409   4500</leader><controlfield tag="001">1370143</controlfield><controlfield tag="003">NNC</controlfield><controlfield tag="006">m        d        </controlfield><controlfield tag="007">cr cn |||m|||a</controlfield><controlfield tag="008">150110s1973    ir      o     000 0 arard</controlfield><datafield ind1=" " ind2=" " tag="040"><subfield code="a">NNU</subfield><subfield code="b">eng</subfield><subfield code="e">rda</subfield><subfield code="c">NNU</subfield></datafield><datafield ind1=" " ind2="4" tag="050"><subfield code="a">PJ6161</subfield><subfield code="b">.S57 1973</subfield></datafield><datafield ind1="1" ind2=" " tag="100"><subfield code="6">880-01</subfield><subfield code="a">Shi&#772;ra&#772;zi&#772;, Muh&#803;ammad Mu&#700;min ibn Muh&#803;ammad Qa&#772;sim,</subfield><subfield code="d">-1717?</subfield></datafield><datafield ind1="1" ind2="0" tag="245"><subfield code="6">880-02</subfield><subfield code="a">Khaza&#772;nat al-khaya&#772;l fi&#772; al-ada&#772;b wa-al-h&#803;ikam wa-al-mawa&#772;&#699;iz&#803; wa-al-muna&#772;z&#803;ara&#772;t wa-al-tara&#772;jum wa-al-amtha&#772;l /</subfield><subfield code="c">ta&#700;li&#772;f Muh&#803;ammad Mu&#700;min ibn Muh&#803;ammad Qa&#772;sim al-Jaza&#772;&#700;iri&#772; al-Shi&#772;ra&#772;zi&#772; ; qaddama lahu Shiha&#772;b al-Di&#772;n al-Mar&#699;ashi&#772;.</subfield></datafield><datafield ind1=" " ind2=" " tag="260"><subfield code="6">880-03</subfield><subfield code="a">Qum :</subfield><subfield code="b">Maktabat Bas&#803;i&#772;rati&#772;,</subfield><subfield code="c">1352 [1973]</subfield></datafield><datafield ind1=" " ind2=" " tag="300"><subfield code="a">online resource (22, 4, 635, 7 pages)</subfield></datafield><datafield ind1=" " ind2=" " tag="336"><subfield code="a">text</subfield><subfield code="2">rdacontent</subfield></datafield><datafield ind1=" " ind2=" " tag="337"><subfield code="a">computer</subfield><subfield code="2">rdamedia</subfield></datafield><datafield ind1=" " ind2=" " tag="338"><subfield code="a">online resource</subfield><subfield code="2">rdacarrier</subfield></datafield><datafield ind1=" " ind2=" " tag="500"><subfield code="a">"Fi&#772; s&#803;adr al-kita&#772;b : Ka&#772;shifat al-h&#803;a&#772;ll fi&#772; tarjamat mu&#700;allif Khiza&#772;nat al-khaya&#772;l, li-Shiha&#772;b al-Di&#772;n al-H&#803;usayni&#772; al-Mar&#699;ashi&#772; al-Najafi&#772;."</subfield></datafield><datafield ind1=" " ind2=" " tag="500"><subfield code="a">Part of the Arabic Collections Online (ACO) project, contributed by Columbia University Libraries.</subfield></datafield><datafield ind1=" " ind2=" " tag="533"><subfield code="a">Electronic reproduction.</subfield><subfield code="b">New York, N.Y. :</subfield><subfield code="c">New York University,</subfield><subfield code="d">2015.</subfield><subfield code="5">NNU</subfield></datafield><datafield ind1=" " ind2="0" tag="650"><subfield code="a">Arabic language</subfield><subfield code="x">Rhetoric.</subfield></datafield><datafield ind1=" " ind2="7" tag="650"><subfield code="a">Arabic language</subfield><subfield code="x">Rhetoric.</subfield><subfield code="2">fast</subfield><subfield code="0">(OCoLC)fst00812415</subfield></datafield><datafield ind1="1" ind2=" " tag="700"><subfield code="6">880-04</subfield><subfield code="a">Mar&#699;ashi&#772; Najafi&#772;, Shiha&#772;b al-Di&#772;n.</subfield></datafield><datafield ind1="2" ind2=" " tag="710"><subfield code="a">Columbia University.</subfield><subfield code="b">Libraries.</subfield></datafield><datafield ind1="0" ind2=" " tag="730"><subfield code="a">Arabic Collections Online.</subfield></datafield><datafield ind1="0" ind2=" " tag="740"><subfield code="6">880-05</subfield><subfield code="a">Ka&#772;shifat al-h&#803;a&#772;ll fi&#772; tarjamat mu&#700;allif Khiza&#772;nat al-khaya&#772;l.</subfield></datafield><datafield ind1="0" ind2="8" tag="776"><subfield code="i">Print version:</subfield><subfield code="a">Shi&#772;ra&#772;zi&#772;, Muh&#803;ammad Mu&#700;min ibn Muh&#803;ammad Qa&#772;sim, -1717?</subfield><subfield code="t">Khaza&#772;nat al-khaya&#772;l fi&#772; al-ada&#772;b wa-al-h&#803;ikam wa-al-mawa&#772;&#699;iz&#803; wa-al-muna&#772;z&#803;ara&#772;t wa-al-tara&#772;jum wa-al-amtha&#772;l</subfield><subfield code="w">(NNC)1370143</subfield><subfield code="w">(OCoLC)187458285</subfield></datafield><datafield ind1="4" ind2="0" tag="856"><subfield code="u">http://hdl.handle.net/2333.1/sqv9s6hw</subfield></datafield><datafield ind1="1" ind2=" " tag="880"><subfield code="6">100-01/r</subfield><subfield code="a">&#1588;&#1610;&#1585;&#1575;&#1586;&#1609;&#1548; &#1605;&#1581;&#1605;&#1583; &#1605;&#1572;&#1605;&#1606; &#1576;&#1606; &#1605;&#1581;&#1605;&#1583; &#1602;&#1575;&#1587;&#1605;.</subfield></datafield><datafield ind1="1" ind2="0" tag="880"><subfield code="6">245-02/r</subfield><subfield code="a">&#1582;&#1569;&#1575;&#1606;&#1577; &#1575;&#1604;&#1582;&#1610;&#1575;&#1604; &#1601;&#1609; &#1575;&#1604;&#1571;&#1583;&#1575;&#1576; &#1608;&#1575;&#1604;&#1581;&#1603;&#1605; &#1608;&#1575;&#1604;&#1605;&#1608;&#1575;&#1593;&#1592; &#1608;&#1575;&#1604;&#1605;&#1606;&#1575;&#1592;&#1585;&#1575;&#1578; &#1608;&#1575;&#1604;&#1578;&#1585;&#1575;&#1580;&#1605; &#1608;&#1575;&#1604;&#1571;&#1605;&#1579;&#1575;&#1604; /</subfield><subfield code="c">&#1578;&#1571;&#1604;&#1610;&#1601; &#1605;&#1581;&#1605;&#1583; &#1605;&#1572;&#1605;&#1606; &#1576;&#1606; &#1605;&#1581;&#1605;&#1583; &#1602;&#1575;&#1587;&#1605; &#1575;&#1604;&#1580;&#1586;&#1575;&#1574;&#1585;&#1609; &#1575;&#1604;&#1588;&#1610;&#1585;&#1575;&#1586;&#1609; &#1563; &#1602;&#1583;&#1605; &#1604;&#1607; &#1588;&#1607;&#1575;&#1576; &#1575;&#1604;&#1583;&#1610;&#1606; &#1575;&#1604;&#1605;&#1585;&#1593;&#1588;&#1609;.</subfield></datafield><datafield ind1=" " ind2=" " tag="880"><subfield code="6">260-03/r</subfield><subfield code="a">&#1602;&#1605; :</subfield><subfield code="b">&#1605;&#1603;&#1578;&#1576;&#1577; &#1576;&#1589;&#1610;&#1585;&#1578;&#1609;&#1548;</subfield><subfield code="c">&#1634;&#1637;&#1635;&#1633;.</subfield></datafield><datafield ind1="1" ind2=" " tag="880"><subfield code="6">700-04/r</subfield><subfield code="a">&#1605;&#1585;&#1593;&#1588;&#1610; &#1606;&#1580;&#1601;&#1610;&#1548; &#1588;&#1607;&#1575;&#1576; &#1575;&#1604;&#1583;&#1610;&#1606;.</subfield></datafield><datafield ind1="0" ind2=" " tag="880"><subfield code="6">740-05/r</subfield><subfield code="a">&#1603;&#1575;&#1588;&#1601;&#1577; &#1575;&#1604;&#1581;&#1575;&#1604; &#1601;&#1610; &#1578;&#1585;&#1580;&#1605;&#1577; &#1605;&#1572;&#1604;&#1601; &#1582;&#1586;&#1575;&#1606;&#1577; &#1575;&#1604;&#1582;&#1610;&#1575;&#1604;.</subfield></datafield><datafield ind1=" " ind2=" " tag="959"><subfield code="a">NNU</subfield><subfield code="b">WEB</subfield><subfield code="c">GENI</subfield><subfield code="t">0</subfield><subfield code="m">Electronic access</subfield><subfield code="s">01</subfield></datafield><datafield ind1=" " ind2=" " tag="999"><subfield code="i">NNC_1370143</subfield><subfield code="o">(OCoLC)ocn187458285</subfield></datafield></record>